<?xml version="1.0" encoding="UTF-8"?><record xmlns="http://www.loc.gov/MARC21/slim" xmlns:cinclude="http://apache.org/cocoon/include/1.0" xmlns:zs="http://www.loc.gov/zing/srw/">
  <leader>00508cz  a2200133n  4500</leader>
  <controlfield tag="001">n 2009016761</controlfield>
  <controlfield tag="003">DLC</controlfield>
  <controlfield tag="005">20130619111353.0</controlfield>
  <controlfield tag="008">090317n| azannaabn          |n aaa      </controlfield>
  <datafield tag="010" ind1=" " ind2=" ">
    <subfield code="a">n 2009016761</subfield>
  </datafield>
  <datafield tag="040" ind1=" " ind2=" ">
    <subfield code="a">DLC</subfield>
    <subfield code="b">eng</subfield>
    <subfield code="c">DLC</subfield>
    <subfield code="e">rda</subfield>
    <subfield code="d">DLC</subfield>
  </datafield>
  <datafield tag="053" ind1=" " ind2="0">
    <subfield code="a">PS3616.O8485</subfield>
  </datafield>
  <datafield tag="100" ind1="1" ind2=" ">
    <subfield code="a">Potter, Dawn,</subfield>
    <subfield code="d">1964-</subfield>
  </datafield>
  <datafield tag="670" ind1=" " ind2=" ">
    <subfield code="a">Tracing Paradise, 2009:</subfield>
    <subfield code="b">ECIP t.p. (Dawn Potter) data view (b. Oct. 7, 1964; author of two poetry collections; assoc. director of the Frost Place Conference on Poetry and Teaching; resides in Harmony, Maine)</subfield>
  </datafield>
</record>